<?xml version="1.0" encoding="UTF-8"?><record xmlns="http://www.loc.gov/MARC21/slim" xmlns:cinclude="http://apache.org/cocoon/include/1.0" xmlns:zs="http://www.loc.gov/zing/srw/">
  <leader>00606nz  a2200121n  4500</leader>
  <controlfield tag="001">nr 91000017 </controlfield>
  <controlfield tag="003">DLC</controlfield>
  <controlfield tag="005">19910105065038.5</controlfield>
  <controlfield tag="008">910102n| acannaab|          |n aaa     c</controlfield>
  <datafield tag="010" ind1=" " ind2=" ">
    <subfield code="a">nr 91000017 </subfield>
  </datafield>
  <datafield tag="040" ind1=" " ind2=" ">
    <subfield code="a">MiU</subfield>
    <subfield code="c">MiU</subfield>
  </datafield>
  <datafield tag="100" ind1="1" ind2="0">
    <subfield code="a">Midha, K. K.</subfield>
  </datafield>
  <datafield tag="670" ind1=" " ind2=" ">
    <subfield code="a">International Congress of Pharmaceutical Sciences of F.I.P. (49th : 1989 : Munich, Germany).  Topics in pharmaceutical sciences, 1989:</subfield>
    <subfield code="b">t.p. (K.K. Midha, President of the Board of Pharmaceutical Sciences of F.I.P., Professor of Pharmacy and Associate Member of Department of Psychiatry, Colleges of Pharmacy and Medicine, University of Saskatchewan, Canada)</subfield>
  </datafield>
</record>